% BibTex
@misc{Eg,
    author = {Hao Ren},
	title = {Template for Math Notes},
    year = {2021},
}

@misc{studon,
    author = {Kr√§utle},
	title = {Mathematische Modellierung Theorie},
    year = {2023},
}

@misc{eck,
    author = {Eck, Garcke Knabner},
	title = {Mathematische Modellierung},
    year = {2017 3.Auflage},
}